@misc{graph-weisstein,
  title={{Königsberg Bridge Problem.}},
  author={Weisstein, E.},
  journal={MathWorld--A Wolfram Web Resource},
  url={https://mathworld.wolfram.com/KoenigsbergBridgeProblem.html},
}

@inproceedings{hits-chien14,
  title={{A comparative study of HITS vs PageRank algorithms for Twitter users analysis}},
  author={Chien, O. and Hoong, P. and Ho, C.},
  booktitle={International Conference on Computational Science and Technology (ICCST)},
  isbn={978-1-4799-3241-2},
  publisher={IEEE},
  year={2014},
  pages={1--6},
}

@inproceedings{urban-zhang18,
  title={{Analysis of China’s Urban Network Structure from the Perspective of “Streaming”}},
  author={Zhang, Q. and Yuan, T.},
  booktitle={26th International Conference on Geoinformatics},
  isbn={978-1-5386-7619-6},
  publisher={IEEE},
  year={2018},
  month={Jun},
  pages={1--7},
}

@inproceedings{traffic-kim15,
  title={{Analysis on the transportation point in cheongju city using pagerank algorithm}},
  author={Kim, Y. and Kim, H. and Shin, C. and Lee, K. and Choi, C. and Cho, W.},
  editor={Leung, C. and Nasridinov, A.},
  booktitle={Proceedings of the International Conference on Big Data Applications and Services - BigDAS ’15},
  isbn={9781450338462},
  publisher={ACM Press},
  address={New York, New York, USA},
  year={2015},
  month={Oct},
  pages={165--169},
}

@article{rank-kloumann17,
  title={{Block models and personalized PageRank.}},
  author={Kloumann, I. and Ugander, J. and Kleinberg, J.},
  journal={Proceedings of the National Academy of Sciences of the United States of America},
  volume={114},
  number={1},
  year={2017},
  month={Jan},
  pages={33--38},
}

@inproceedings{rank-gyongyi04,
  title={{Combating web spam with trustrank}},
  author={Gyongyi, Z. and Garcia-Molina, H. and Pedersen, J.},
  booktitle={Proceedings of the 30th international conference on very large data bases (VLDB)},
  year={2004},
}

@article{influence-zhang15,
  title={{A Pagerank-Inspired Heuristic Scheme for Influence Maximization in Social Networks}},
  volume={12},
  number={4},
  journal={International Journal of Web Services Research},
  author={Zhang, B. and Wang, Y. and Jin, Q. and Ma, J.},
  year={2015},
  month={Oct},
  pages={48--62},
}

@article{recommend-chaudhari17,
  title={{An entity graph based Recommender System}},
  author={Chaudhari, S. and Azaria, A. and Mitchell, T.},
  journal={AI Communications},
  volume={30},
  number={2},
  year={2017},
  month={May},
  pages={141--149},
}

@misc{wiki-pr,
  title={{PageRank}},
  author={{Contributors to Wikimedia projects}},
  url={https://en.wikipedia.org/wiki/PageRank},
  journal={Wikipedia},
  year={2021},
  month={Jul},
}

@article{rank-senanayake15,
  title={{The pagerank-index: Going beyond citation counts in quantifying scientific impact of researchers}},
  author={Senanayake, U. and Piraveenan, M. and Zomaya, A.},
  journal={PloS one},
  volume={10},
  number={8},
  pages={e0134794},
  year={2015},
  publisher={Public Library of Science San Francisco, CA USA},
}

@misc{wiki-ghummingbird,
  title={{Google Hummingbird}},
  author={{Contributors to Wikimedia projects}},
  url={https://en.wikipedia.org/wiki/Google_Hummingbird},
  journal={Wikipedia},
}

@inproceedings{rank-patil21,
  title={{Comparative Study Of Google Search Engine Optimization Algorithms: Panda, Penguin and Hummingbird}},
  author={Patil, A. and Pamnani, J. and Pawade, D.},
  booktitle={6th International Conference for Convergence in Technology (I2CT)},
  pages={1--5},
  year={2021},
  organization={IEEE},
}

@article{graph-besta19,
  title={{Practice of Streaming and Dynamic Graphs: Concepts, Models, Systems, and Parallelism}},
  author={Besta, M. and Fischer, M. and Kalavri, V. and Kapralov, M. and Hoefler, T.},
  journal={CoRR},
  volume={abs/1912.12740},
  year={2019},
}

@article{rank-leskovec19,
  title={{PageRank Algorithm, Mining massive Datasets (CS246), Stanford University}},
  author={Leskovec, J.},
  journal={YouTube},
  year={2019},
}

@article{rank-jardine07,
  title={{PageRanks-Example}},
  author={Jardine, J.},
  year={2007},
  month={Nov},
}

@article{rank-dubey16,
  title={{Improved Parallel PageRank algorithm for Spam filtering}},
  author={Dubey, H. and Khare, N. and Kuttan, K. and Bhatia, S.},
  journal={Indian Journal of Science and Technology},
  volume={9},
  number={38},
  year={2016},
  month={Oct},
}

@book{compute-frey13,
  title={{Distributed Computing and Networking}},
  author={Frey, D.},
  editor={Frey, D. and Raynal, M. and Sarkar, S. and Shyamasundar, R. and Sinha, P.},
  publisher={Springer Nature},
  isbn={978-3-642-35668-1},
  edition={2},
  year={2013},
  pages={366},
  place={Berlin},
}

@inproceedings{rank-bahmani11,
  title={{Fast personalized PageRank on MapReduce}},
  author={Bahmani, B. and Chakrabarti, K. and Xin, D.},
  booktitle={Proceedings of the international conference on Management of data - SIGMOD ’11},
  isbn={9781450306614},
  publisher={ACM Press},
  address={New York, New York, USA},
  year={2011},
  month={Jun},
  pages={973},
}

@article{rank-lai17,
  title={{Parallel computations of local PageRank problem based on Graphics Processing Unit}},
  author={Lai, S. and Shao, B. and Xu, Y. and Lin, X.},
  journal={Concurrency and Computation: Practice and Experience},
  volume={29},
  number={24},
  year={2017},
  month={Aug},
  pages={42--45},
}

@inproceedings{rank-molahosseini20,
  title={{Half-Precision Floating-Point Formats for PageRank: Opportunities and Challenges}},
  author={Molahosseini, A. and Vandierendonck, H.},
  booktitle={IEEE High Performance Extreme Computing Conference (HPEC)},
  isbn={978-1-7281-9219-2},
  publisher={IEEE},
  year={2020},
  month={Sep},
  pages={1--7},
}

@book{rank-haveliwala02,
  title={{Efficient Encodings for Document Ranking Vectors}},
  author={Haveliwala, T.},
  institution={Stanford InfoLab},
  number={2002--58},
  year={2002},
}

@inproceedings{graph-raghavan03,
  title={{Representing Web graphs}},
  author={Raghavan, S. and Garcia-Molina, H.},
  booktitle={Proceedings 19th International Conference on Data Engineering (Cat. No.03CH5)},
  isbn={0-7803-7665-X},
  publisher={IEEE},
  pages={405--416},
  year={2003},
}

@inproceedings{graph-adler01,
  title={{Towards Compressing Web Graphs}},
  author={Adler, M. and Mitzenmacher, M.},
  booktitle={Proceedings of the Data Compression Conference},
  publisher={IEEE Computer Society},
  series={DCC ’01},
  collection={DCC ’01},
  address={USA},
  year={2001},
  pages={203},
}

@article{graph-bharat98,
  title={{The Connectivity Server: fast access to linkage information on the Web}},
  author={Bharat, K. and Broder, A. and Henzinger, M. and Kumar, P. and Venkatasubramanian, S.},
  journal={Computer Networks and ISDN Systems},
  volume={30},
  number={1--7},
  year={1998},
  month={Apr},
  pages={469--477},
}

@inproceedings{rank-guoqiang20,
  title={{A FPGA based intra-parallel architecture for PageRank graph processing}},
  author={Guoqiang, M. and Rui, H. and Jiangwei, W. and Hongwei, K. and Rengang, L.},
  booktitle={IEEE International Conference on Edge Computing (EDGE)},
  isbn={978-1-7281-8254-4},
  publisher={IEEE},
  year={2020},
  month={Oct},
  pages={31--38},
}

@inproceedings{rank-rungsawang12,
  title={{Fast pagerank computation on a GPU cluster}},
  author={Rungsawang, A. and Manaskasemsak, B.},
  booktitle={20th Euromicro International Conference on Parallel, Distributed and Network-based Processing},
  isbn={978-1-4673-0226-5},
  publisher={IEEE},
  year={2012},
  month={Feb},
  pages={450--456},
}

@article{rank-mazaheri19,
  title={{PPR-partitioning: a distributed graph partitioning algorithm based on the personalized PageRank vectors in vertex-centric systems}},
  author={Soudani, N. and Fatemi, A. and Nematbakhsh, M.},
  journal={Knowledge and information systems},
  year={2019},
  month={Jan},
  pages={1--25},
}

@article{rank-li21,
  title={{MELOPPR: Software/Hardware Co-design for Memory-efficient Low-latency Personalized PageRank}},
  author={Li, L. and Chen, Y. and Zirnheld, Z. and Li, P. and Hao, C.},
  year={2021},
}

@inproceedings{rank-zhou17,
  title={{Design and implementation of parallel PageRank on multicore platforms}},
  author={Zhou, S. and Lakhotia, K. and Singapura, S. and Zeng, H. and Kannan, R. and Prasanna, V. and Fox, J. and Kim, E. and Green, O. and Bader, D.},
  booktitle={IEEE High Performance Extreme Computing Conference (HPEC)},
  isbn={978-1-5386-3472-1},
  publisher={IEEE},
  year={2017},
  month={Sep},
  pages={1--6},
}

@inproceedings{rank-zhou15,
  title={{Optimizing memory performance for FPGA implementation of pagerank}},
  author={Zhou, S. and Chelmis, C. and Prasanna, V.},
  booktitle={International Conference on ReConFigurable Computing and FPGAs (ReConFig)},
  isbn={978-1-4673-9406-2},
  publisher={IEEE},
  year={2015},
  month={Dec},
  pages={1--6},
}

@inproceedings{rank-lakhotia18,
  title={{Accelerating PageRank using Partition-Centric Processing}},
  author={Lakhotia, K. and Kannan, R. and Prasanna, V.},
  booktitle={USENIX Annual Technical Conference (USENIX ATC ’18)},
  publisher={USENIX Association},
  isbn={978-1-939133-01-4},
  address={Boston, MA},
  year={2018},
  month={Jul},
  pages={427--440},
}

@inproceedings{rank-beamer17,
  title={{Reducing pagerank communication via propagation blocking}},
  author={Beamer, S. and Asanovic, K. and Patterson, D.},
  booktitle={IEEE International Parallel and Distributed Processing Symposium (IPDPS)},
  isbn={978-1-5386-3914-6},
  publisher={IEEE},
  year={2017},
  month={May},
  pages={820--831},
}

@inproceedings{memory-yu15,
  title={{IMP: Indirect memory prefetcher}},
  author={Yu, X. and Hughes, C. and Satish, N. and Devadas, S.},
  booktitle={Proceedings of the 48th International Symposium on Microarchitecture - MICRO-48},
  isbn={9781450340342},
  publisher={ACM Press},
  address={New York, New York, USA},
  year={2015},
  month={Dec},
  pages={178--190},
}

@inproceedings{graph-wang15,
  title={{Addressing memory wall problem of graph computation in reconfigurable system}},
  author={Wang, X. and Huang, L. and Zhu, Y. and Zhou, Y. and Peng, H. and Xiong, H.},
  booktitle={IEEE 17th International Conference on High Performance Computing and Communications, IEEE 7th International Symposium on Cyberspace Safety and Security, and IEEE 12th International Conference on Embedded Software and Systems},
  isbn={978-1-4799-8937-9},
  publisher={IEEE},
  year={2015},
  month={Aug},
  pages={302--307},
}

@book{compute-hunold15,
  title={{Euro-Par 2015: Parallel Processing Workshops: Euro-Par 2015 International Workshops, Vienna, Austria, August 24-25, 2015, Revised Selected Papers (Lecture Notes in Computer Science Book 9523)}},
  author={Hunold, S.},
  editor={Hunold, S. and Costan, A. and Giménez, D. and Iosup, A. and Ricci, L. and Requena, M. and Scarano, V. and Varbanescu, A. and Scott, S. and Lankes, S. and al., e.},
  edition={1st ed. 2015},
  isbn={978-3-319-27308-2},
  publisher={Springer},
  place={Cham},
  year={2015},
  pages={882},
}

@inproceedings{rank-sadi18,
  title={{PageRank Acceleration for Large Graphs with Scalable Hardware and Two-Step SpMV}},
  author={Sadi, F. and Sweeney, J. and McMillan, S. and Low, T. and Hoe, J. and Pileggi, L. and Franchetti, F.},
  booktitle={IEEE High Performance extreme Computing Conference (HPEC)},
  isbn={978-1-5386-5989-2},
  publisher={IEEE},
  year={2018},
  month={Sep},
  pages={1--7},
}

@phdthesis{rank-usta21,
  title={{Accelerating pagerank with a heterogeneous two phase CPU-FPGA algorithm}},
  author={Usta, F.},
  school={Bilkent University},
  year={2021},
}

@inproceedings{rank-hassan21,
  title={{Graph analytics on hybrid system (GAHS) case study: pagerank}},
  author={Hassan, M. and Athanas, P.},
  booktitle={IEEE International Parallel and Distributed Processing Symposium Workshops (IPDPSW)},
  isbn={978-1-6654-3577-2},
  publisher={IEEE},
  year={2021},
  month={Jun},
  pages={160--167},
}

@inproceedings{rank-mughrabi21,
  title={{QPR: Quantizing PageRank with Coherent Shared Memory Accelerators}},
  author={Mughrabi, A. and Ibrahim, M. and Byrd, G.},
  booktitle={IEEE International Parallel and Distributed Processing Symposium (IPDPS)},
  isbn={978-1-6654-4066-0},
  publisher={IEEE},
  year={2021},
  month={May},
  pages={962--972},
}

@inproceedings{graph-seo15,
  title={{GStream: a graph streaming processing method for large-scale graphs on GPUs}},
  author={Seo, H. and Kim, J. and Kim, M.},
  booktitle={Proceedings of the 20th ACM SIGPLAN Symposium on Principles and Practice of Parallel Programming - PPoPP},
  isbn={9781450332057},
  address={New York, New York, USA},
  publisher={ACM Press},
  year={2015},
  month={Feb},
  pages={253--254},
}

@inproceedings{rank-bisson16,
  title={{A CUDA implementation of the pagerank pipeline benchmark}},
  author={Bisson, M. and Phillips, E. and Fatica, M.},
  booktitle={IEEE High Performance Extreme Computing Conference (HPEC)},
  isbn={978-1-5090-3525-0},
  publisher={IEEE},
  year={2016},
  month={Sep},
  pages={1--7},
}

@inproceedings{rank-wu10,
  title={{Efficient pagerank and spmv computation on AMD gpus}},
  author={Wu, T. and Wang, B. and Shan, Y. and Yan, F. and Wang, Y. and Xu, N.},
  booktitle={39th International Conference on Parallel Processing},
  isbn={978-1-4244-7913-9},
  publisher={IEEE},
  year={2010},
  month={Sep},
  pages={81--89},
}

@inproceedings{compute-buehrer08,
  title={{Data mining on the cell broadband engine}},
  author={Buehrer, G. and Parthasarathy, S. and Goyder, M.},
  booktitle={Proceedings of the 22nd annual international conference on Supercomputing - ICS ’08},
  isbn={9781605581583},
  publisher={ACM Press},
  address={New York, New York, USA},
  year={2008},
  month={Jun},
  pages={26},
}

@book{compute-barolli21,
  title={{Advances in Intelligent Networking and Collaborative Systems}},
  author={Barolli, L. and Li, K. and Miwa, H.},
  editor={Barolli, L. and Li, K. and Miwa, H.},
  publisher={Springer Nature},
  isbn={978-3-030-57796-4},
  edition={1},
  place={Cham},
  year={2021},
  pages={1080},
}

@article{rank-abdullah10,
  title={{Incremental pagerank for twitter data using hadoop}},
  author={Abdullah, I.},
  journal={Technical paper},
  year={2010},
}

@misc{snapnets,
  author       = {Jure Leskovec and Andrej Krevl},
  title        = {{SNAP Datasets}: {Stanford} Large Network Dataset Collection},
  howpublished = {\url{http://snap.stanford.edu/data}},
  month        = jun,
  year         = 2014
}

@article{suite19,
  title={{The SuiteSparse matrix collection website interface}},
  author={Kolodziej, S. and Aznaveh, M. and Bullock, M. and David, J. and Davis, T. and Henderson, M. and Hu, Y. and Sandstrom, R.},
  journal={The Journal of Open Source Software},
  volume={4},
  number={35},
  year={2019},
  month={Mar},
  pages={1244},
}

@inproceedings{rank-garg16,
  title={{STIC-D: Algorithmic Techniques For Efficient Parallel Pagerank Computation on Real-World Graphs}},
  author={Garg, P. and Kothapalli, K.},
  booktitle={Proceedings of the 17th International Conference on Distributed Computing and Networking - ICDCN ’16},
  publisher={ACM Press},
  isbn={9781450340328},
  year={2016},
  month={01},
  pages={1---10},
}

@article{rank-param21,
  title={{Adjusting PageRank parameters and Comparing results}},
  author={Sahu, S. and Kothapalli, K. and Banerjee, D.},
  year={2021},
  journal={},
}

@article{rank-stepwise21,
  title={{Effect of stepwise adjustment of Damping factor upon PageRank}},
  author={Sahu, S. and Kothapalli, K. and Banerjee, D.},
  journal={arXiv preprint arXiv:.0},
  year={2021},
}

@article{rank-adjust21,
  title={{Rank adjustment strategies for Dynamic PageRank}},
  url={https://gist.github.com/wolfram77/eb7a3b2e44e3c2069e046389b45ead03},
  author={{S. Sahu}},
  journal={},
  year={2021},
}

@article{rank-dead21,
  title={{Dead End handling strategies for PageRank algorithm}},
  url={https://gist.github.com/wolfram77/94c38b9cfbf0c855e5f42fa24a8602fc},
  author={{S. Sahu}},
  journal={},
  year={2021},
}

@article{rank-volta21,
  title={{Parallelizing PageRank for a Volta GPU}},
  url={https://gist.github.com/wolfram77/4ef16ab9699ac03a617b8731dd240e1f},
  author={{S. Sahu}},
  journal={},
  year={2021},
}

@article{rank-datatype21,
  title={{Adjusting Datatype of Rank vector and CSR Representation with PageRank}},
  url={https://gist.github.com/wolfram77/66882e8b7feaa8119f349a34906b14a7},
  author={{S. Sahu}},
  journal={},
  year={2021},
}

@article{rank-algo21,
  title={{STIC-D based Algorithmic Optimizations for Monolithic PageRank}},
  url={https://gist.github.com/wolfram77/12e5a19ff081b2e3280d04331a9976ca},
  author={Sahu, S.},
  journal={},
  year={2021},
}

@misc{gh-levl21,
  title={{Dynamic Batch Parallel Algorithms for Updating PageRank}},
  url={https://github.com/puzzlef/pagerank-multi-monolithic-vs-levelwise},
  author={Sahu, S.},
  journal={},
  year={2021},
}

@article{scc-sharir81,
  title={{A strong-connectivity algorithm and its applications in data flow analysis}},
  author={Sharir, M.},
  url={https://www.sciencedirect.com/science/article/pii/0898122181900080},
  journal={Computers \& Mathematics with Applications},
  volume={7},
  number={1},
  pages={67-72},
  year={1981},
  issn={0898-1221},
}

@article{rank-deeper01,
  title={{Deeper Inside PageRank}},
  author={Langville, A. and Meyer, C.},
  journal={Internet mathematics},
  volume={1},
  number={3},
  year={2004},
  month={01},
  pages={335---380},
}

@misc{rank-kang,
  title={{Introduction to Data Mining: Lecture 10: Link Analysis-2}},
  url={https://ocw.snu.ac.kr/sites/default/files/NOTE/L10-linkanalysis2.pdf},
  journal={Seoul National University},
  author={Kang, U.},
}

@misc{rank-nvgraph,
  title={{rapidsai/nvgraph}},
  author={Fender, A. and Thejaswi, N. and Rees, B.},
  url={https://github.com/rapidsai/nvgraph/blob/main/cpp/src/pagerank.cu#L149},
  journal={},
}

@inbook{rank-whang15,
  title={{Scalable Data-Driven PageRank: Algorithms, System Issues, and Lessons Learned}},
  author={Whang, J. and Lenharth, A. and Dhillon, I. and Pingali, K.},
  booktitle={Euro-Par : Parallel Processing},
  publisher={Springer Berlin Heidelberg},
  editor={Träff, J. and Hunold, S. and Versaci, F.},
  collection={Lecture notes in computer science},
  series={Lecture notes in computer science},
  volume={9233},
  isbn={978-3-662-48095-3},
  year={2015},
  pages={438--450},
  place={Berlin, Heidelberg},
}

@inproceedings{rank-arasu02,
  title={{PageRank Computation and the Structure of the Web: Experiments and Algorithms}},
  author={Arasu, A. and Novak, J. and Tomlin, J.},
  booktitle={In Proceedings of the Eleventh International World Wide Web Conference, Poster Track},
  year={2002},
  pages={107--117},
}

@book{rank-block03,
  title={{Exploiting the Block Structure of the Web for Computing PageRank}},
  author={Kamvar, S. and Haveliwala, T. and Manning, C. and Golub, G.},
  institution={Stanford},
  publisher={},
  type={Technical Report},
  number={2003-17},
  year={2003},
}

@inproceedings{rank-duong12,
  title={{Parallel pagerank computation using GPUs}},
  author={Duong, N. and Nguyen, Q. and Nguyen, A. and Nguyen, H.},
  booktitle={In Proceedings of the Third Symposium on Information and Communication Technology},
  year={2012},
  pages={223--230},
}

@inproceedings{rank-sarma13,
  title={{Fast Distributed PageRank Computation}},
  author={Sarma, A. and Molla, A. and Pandurangan, G. and Upfal, E.},
  booktitle={Distributed Computing and Networking},
  publisher={Springer Berlin Heidelberg},
  address={Berlin, Heidelberg},
  year={2013},
  pages={11--26},
}

@article{incr-ramalingam96,
  title={{Bounded Incremental Computation}},
  author={Ramalingam, G.},
  journal={Lecture Notes in Computer Science},
  volume={1089},
  isbn={3-540-61320-X},
  year={1996},
  pages={101--129},
}

@inproceedings{rank-giri20,
  title={{HyPR: Hybrid Page Ranking on Evolving Graphs}},
  author={Giri, H. and Haque, M. and Banerjee, D.},
  booktitle={Proc. IEEE 27th International Conference on High Performance Computing, Data, and Analytics (HiPC)},
  year={2020},
  pages={62-71},
}

@article{rank-sarma11,
  author={Sarma, A. and Gollapudi, S. and Panigrahy, R.},
  title={{Estimating PageRank on Graph Streams}},
  year={2011},
  date={May 2011},
  publisher={Association for Computing Machinery},
  address={New York, NY, USA},
  volume={58},
  number={3},
  issn={0004-5411},
  url={https://doi.org/10.1145/1970392.1970397},
  journal={J. ACM},
  month={jun},
  articleno={13},
  numpages={19},
  keywords={mixing time, Algorithms, graph conductance, PageRank, streaming algorithms, random walk},
}

@article{graph-italiano99,
  title={{Dynamic graph algorithms}},
  author={Italiano, G. and Eppstein, D. and Galil, Z.},
  journal={Algorithms and Theory of Computation Handbook, CRC Press},
  year={1999},
}

@article{brain-vandenheuvel13,
  title={{Network hubs in the human brain}},
  journal={Trends in Cognitive Sciences},
  volume={17},
  number={12},
  pages={683-696},
  year={2013},
  note={Special Issue: The Connectome},
  issn={1364-6613},
  url={https://www.sciencedirect.com/science/article/pii/S1364661313002167},
  author={{van den Heuvel}, M. and Sporns, O.},
}

@article{brain-saberi21,
  title={{Topological impact of negative links on the stability of resting-state brain network.}},
  volume={11},
  number={1},
  journal={Scientific Reports},
  author={Saberi, M. and Khosrowabadi, R. and Khatibi, A. and Misic, B. and Jafari, G.},
  year={2021},
  month={Jan},
  pages={2176},
}

@book{graph-newman18,
  title={{Networks}},
  author={Newman, M.},
  year={2018},
  publisher={Oxford university press},
}

@article{cent-bonacich87,
  title={{Power and Centrality: A Family of Measures}},
  author={Bonacich, P.},
  issn={00029602, 15375390},
  url={http://www.jstor.org/stable/2780000},
  journal={American Journal of Sociology},
  number={5},
  pages={1170--1182},
  publisher={University of Chicago Press},
  urldate={2022-04-11},
  volume={92},
  year={1987},
}

@article{cent-borgatti05,
  title={{Centrality and network flow}},
  author={Borgatti, S.},
  journal={Social Networks},
  volume={27},
  number={1},
  pages={55-71},
  year={2005},
  issn={0378-8733},
  url={https://www.sciencedirect.com/science/article/pii/S0378873304000693},
  keywords={Centrality, Network flow, Typology},
}

@article{cent-borgatti06,
  title={{A Graph-theoretic perspective on centrality}},
  journal={Social Networks},
  volume={28},
  number={4},
  pages={466-484},
  year={2006},
  issn={0378-8733},
  url={https://www.sciencedirect.com/science/article/pii/S0378873305000833},
  author={Borgatti, S. and Everett, M.},
}

@article{politics-krackhardt90,
  title={{Assessing the Political Landscape: Structure, Cognition, and Power in Organizations}},
  author={Krackhardt, D.},
  issn={00018392},
  url={http://www.jstor.org/stable/2393394},
  journal={Administrative Science Quarterly},
  number={2},
  pages={342--369},
  publisher={[Sage Publications, Inc., Johnson Graduate School of Management, Cornell University]},
  urldate={2022-04-11},
  volume={35},
  year={1990},
}

@article{cent-lawyer15,
  title={{Understanding the influence of all nodes in a network.}},
  volume={5},
  journal={Scientific Reports},
  author={Lawyer, G.},
  year={2015},
  month={Mar},
  pages={8665},
}

@article{epidemic-dasilva12,
  title={{Predicting epidemic outbreak from individual features of the spreaders}},
  author={Silva, R. and Viana, M. and Costa, L.},
  url={https://doi.org/10.1088/1742-5468/2012/07/p07005},
  year={2012},
  month={jul},
  publisher={{IOP} Publishing},
  volume={2012},
  number={07},
  pages={P07005},
  journal={Journal of Statistical Mechanics: Theory and Experiment},
}

@article{epidemic-bauer12,
  title={{Identifying influential spreaders and efficiently estimating infection numbers in epidemic models: A walk counting approach}},
  author={Bauer, F. and Lizier, J.},
  url={https://doi.org/10.1209/0295-5075/99/68007},
  year={2012},
  month={sep},
  publisher={{IOP} Publishing},
  volume={99},
  number={6},
  pages={68007},
  journal={{EPL} (Europhysics Letters)},
}

@article{epidemic-sikic13,
  title={{Epidemic centrality — is there an underestimated epidemic impact of network peripheral nodes?}},
  author={Šikić, M. and Lančić, A. and Antulov-Fantulin, N. and Štefančić, H.},
  volume={86},
  number={10},
  journal={The European Physical Journal B},
  year={2013},
  month={Oct},
  pages={440},
}

@article{graph-everett98,
  title={{Analyzing clique overlap}},
  author={Everett, M. and Borgatti, S.},
  year={1998},
  month={01},
  pages={49-61},
  volume={21},
  journal={CONNECTIONS},
}

@article{graph-faghani13,
  title={{A Study of XSS Worm Propagation and Detection Mechanisms in Online Social Networks}},
  author={Faghani, M. and Nguyen, U.},
  journal={IEEE Transactions on Information Forensics and Security},
  year={2013},
  volume={8},
  number={11},
  pages={1815-1826},
}

@article{cent-piraveenan13,
  title={{Percolation Centrality: Quantifying Graph-Theoretic Impact of Nodes during Percolation in Networks}},
  author={Piraveenan, M. and Prokopenko, M. and Hossain, L.},
  journal={PLOS ONE},
  publisher={Public Library of Science},
  year={2013},
  month={01},
  volume={8},
  url={https://doi.org/10.1371/journal.pone.0053095},
  pages={1-14},
  number={1},
}

@misc{rank-network20q,
  title={How does Google rank webpages?},
  url={http://scenic.princeton.edu/network20q/lectures/Q3_notes.pdf},
}

@article{cent-katz53,
  title={{A new status index derived from sociometric analysis}},
  volume={18},
  number={1},
  journal={Psychometrika},
  author={Katz, L.},
  year={1953},
  month={Mar},
  pages={39--43},
}

@inbook{graph-newman16,
  title={{Mathematics of Networks}},
  author={Newman, M.},
  booktitle={The New Palgrave Dictionary of Economics},
  year={2016},
  publisher={Palgrave Macmillan UK},
  address={London},
  pages={1--8},
  isbn={978-1-349-95121-5},
  url={https://doi.org/10.1057/978-1-349-95121-5_2565-1},
}

@article{cent-freeman77,
  title={{A Set of Measures of Centrality Based on Betweenness}},
  author={Freeman, L.},
  issn={00380431},
  url={http://www.jstor.org/stable/3033543},
  journal={Sociometry},
  number={1},
  pages={35--41},
  publisher={[American Sociological Association, Sage Publications, Inc.]},
  urldate={2022-04-11},
  volume={40},
  year={1977},
}

@article{cent-bavelas50,
  title={{Communication Patterns in Task-Oriented Groups}},
  author={Bavelas, A.},
  journal={The Journal of the Acoustical Society of America},
  volume={22},
  number={6},
  pages={725-730},
  year={1950},
  url={https://doi.org/10.1121/1.1906679},
  eprint={https://doi.org/10.1121/1.1906679},
}

@article{cent-sabidussi66,
  title={The centrality of a graph.},
  volume={31},
  number={4},
  journal={Psychometrika},
  author={Sabidussi, G.},
  year={1966},
  month={Dec},
  pages={581--603},
}

@inproceedings{rank-desikan05,
  title={{Incremental Page Rank Computation on Evolving Graphs}},
  author={Desikan, P. and Pathak, N. and Srivastava, J. and Kumar, V.},
  year={2005},
  isbn={1595930515},
  publisher={Association for Computing Machinery},
  address={New York, NY, USA},
  url={https://doi.org/10.1145/1062745.1062885},
  booktitle={Special Interest Tracks and Posters of the 14th International Conference on World Wide Web},
  pages={1094-1095},
  numpages={2},
  location={Chiba, Japan},
  series={WWW '05},
}

@misc{rank-chien01,
  author={Chien, S. and Dwork, C. and Kumar, R. and Sivakumar, D.},
  title={Towards Exploiting Link Evolution},
  year={2001},
}

@techreport{rank-avrachenkov04,
  title={{Decomposition of the Google PageRank and Optimal Linking Strategy}},
  author={Avrachenkov, K. and Litvak, N.},
  url={https://hal.inria.fr/inria-00071482},
  type={Research Report},
  number={RR-5101},
  institution={{INRIA}},
  year={2004},
  keywords={decomposition ; optimal linking ; perturbed markov chains ; google ; pagerank},
  pdf={https://hal.inria.fr/inria-00071482/file/RR-5101.pdf},
  hal_id={inria-00071482},
  hal_version={v1},
}

@article{rank-bianchini05,
  title={{Inside PageRank}},
  author={Bianchini, M. and Gori, M. and Scarselli, F.},
  year={2005},
  issue_date={February 2005},
  publisher={Association for Computing Machinery},
  address={New York, NY, USA},
  volume={5},
  number={1},
  issn={1533-5399},
  url={https://doi.org/10.1145/1052934.1052938},
  journal={ACM Trans. Internet Technol.},
  month={feb},
  pages={92--128},
  numpages={37},
  keywords={PageRank, Web page scoring, Information retrieval, searching the Web, search engines, Markov chains},
}

@inproceedings{rank-wu04,
  author={Wu, J. and Aberer, K.},
  title={{Using siterank for decentralized computation of web document ranking}},
  booktitle={In Proc. of the Third Workshop on Adaptive Hypermedia and Adaptive Web-Based Systems},
  year={2004},
  pages={265--274},
}

@inproceedings{rank-broder04,
  author={Broder, A. and Lempel, R. and Maghoul, F. and Pedersen, J.},
  title={{Efficient pagerank approximation via graph aggregation}},
  booktitle={In Proceedings of the 13th international conference on World Wide Web},
  year={2004},
  pages={484--485},
}

@inproceedings{wang,
  author={Wang, Y. and DeWitt, D.},
  title={{Computing pagerank in a distributed internet search engine system}},
  booktitle={In Proceedings of the Thirtieth International Conference on Very Large Data Bases},
  year={2004},
  pages={420--431},
}

@inproceedings{rank-eiron04,
  author={Eiron, N. and McCurley, K. and Tomlin, J.},
  title={{Ranking the web frontier}},
  booktitle={In Proceedings of the 13th international conference on World Wide Web},
  year={2004},
  pages={309--318},
}

@inproceedings{com-leskovec08,
  author={Leskovec, J. and Lang, K. and Dasgupta, A. and Mahoney, M.},
  title={{Statistical properties of community structure in large social and information networks}},
  booktitle={Proceedings of the 17th International Conference on World Wide Web, {WWW} , Beijing, China, April 21-25,},
  pages={695--704},
  publisher={{ACM}},
  year={2008},
}

@inproceedings{rank-kohlschutter06,
  author={Kohlschutter, C. and Chirita, P. and Nejdl, W.},
  title={{Efficient parallel computation of pagerank}},
  booktitle={In Proc. of the 28th European Conference on IR Research},
  year={2006},
  pages={241--252},
}

@article{graph-broder00,
  author={Broder, A. and Kumar, R. and Maghoul, F. and Raghavan, P. and Rajagopalan, S. and Stata, R. and Tomkins, A. and Wiener, J.},
  title={{Graph structure in the web}},
  journal={Computer Networks},
  volume={33},
  year={2000},
  pages={309--320},
}

@article{rank-ivan11,
  author={Iv{\'{a}}n, G. and Grolmusz, V.},
  title={{When the Web meets the cell: using personalized PageRank for analyzing protein interaction networks}},
  journal={Bioinform.},
  volume={27},
  number={3},
  pages={405--407},
  year={2011},
}

@article{rank-gleich15,
  author={Gleich, D.},
  title={PageRank Beyond the Web},
  journal={{SIAM} Rev.},
  volume={57},
  number={3},
  pages={321--363},
  year={2015},
}

@inproceedings{graph-panyala17,
  author={Panyala, A. and Subasi, O. and Halappanavar, M. and Kalyanaraman, A. and Chavarria-Miranda, D. and Krishnamoorthy, S.},
  booktitle={IEEE 24th International Conference on High Performance Computing (HiPC)},
  title={{Approximate Computing Techniques for Iterative Graph Algorithms}},
  year={2017},
  pages={23-32},
}

@techreport{rank-page99,
  title={{The PageRank citation ranking: Bringing order to the web.}},
  author={Page, L. and Brin, S. and Motwani, R. and Winograd, T.},
  year={1999},
  institution={Stanford InfoLab},
}

@article{cent-jamour18,
  author={Jamour, F. and Skiadopoulos, S. and Kalnis, P.},
  title={{Parallel Algorithm for Incremental Betweenness Centrality on Large Graphs}},
  journal={{IEEE} TPDS},
  volume={29},
  number={3},
  pages={659--672},
  year={2018},
}

@article{graph-eppstein97,
  title={{Sparsification — A technique for speeding up dynamic graph algorithms}},
  author={Eppstein, D. and Galil, Z. and Italiano, G. and Nissenzweig, A.},
  journal={J. ACM},
  publisher={ACM},
  volume={44},
  number={5},
  pages={669--696},
  month={September},
  year={1997},
  url={http://doi.acm.org/10.1145/265910.265914},
  review={MR-98k:68039},
}

@inproceedings{cent-lerman10,
  title={Centrality metric for dynamic networks},
  author={Lerman, K. and Ghosh, R. and Kang, J.},
  booktitle={Proceedings of the Eighth Workshop on Mining and Learning with Graphs},
  pages={70--77},
  year={2010},
  publisher={ACM},
  address={Washington, DC, USA},
}

@inproceedings{cent-li10,
  title={Fast computation of simrank for static and dynamic information networks},
  author={Li, C. and Han, J. and He, G. and Jin, X. and Sun, Y. and Yu, Y. and Wu, T.},
  booktitle={Proceedings of the 13th International Conference on Extending Database Technology},
  pages={465--476},
  year={2010},
  publisher={ACM},
  address={Lausanne, Switzerland},
}

@article{cent-bergamini16,
  title={Approximating betweenness centrality in fully dynamic networks},
  author={Bergamini, E. and Meyerhenke, H.},
  journal={Internet Mathematics},
  volume={12},
  number={5},
  pages={281--314},
  year={2016},
  publisher={Taylor \& Francis},
}

@inproceedings{cent-shao20,
  title={Efficient closeness centrality computation for dynamic graphs},
  author={Shao, Z. and Guo, N. and Gu, Y. and Wang, Z. and Li, F. and Yu, G.},
  booktitle={Database Systems for Advanced Applications: 25th International Conference, DASFAA , Jeju, South Korea, September 24--27, , Proceedings, Part II},
  pages={534--550},
  year={2020},
  organization={Springer},
}

@inproceedings{cent-nathan17,
  title={A dynamic algorithm for updating katz centrality in graphs},
  author={Nathan, E. and Bader, D.},
  booktitle={Proceedings of the IEEE/ACM International Conference on Advances in Social Networks Analysis and Mining},
  pages={149--154},
  year={2017},
  publisher={ACM},
  address={Sydney, Australia},
}

@article{cent-regunta21,
  title={{Efficient parallel algorithms for dynamic closeness-and betweenness centrality}},
  author={Regunta, S. and Tondomker, S. and Shukla, K. and Kothapalli, K.},
  journal={Concurrency and Computation: Practice and Experience},
  year={2021},
  publisher={Wiley Online Library},
  pages={1--22},
  volume={0},
  number={0},
}

@misc{openmp18,
  title={{OpenMP} Application Program Interface Version 5.0},
  author={{OpenMP Architecture Review Board}},
  year={2018},
  url={https://www.openmp.org/wp-content/uploads/OpenMP-API-Specification-5.0.pdf},
}

@inproceedings{kcore-dhulipala22,
  title={Differential Privacy from Locally Adjustable Graph Algorithms: k-Core Decomposition, Low Out-Degree Ordering, and Densest Subgraphs},
  author={Dhulipala, L. and Liu, Q. and Raskhodnikova, S. and Shi, J. and Shun, J. and Yu, S.},
  booktitle={IEEE 63rd Annual Symposium on Foundations of Computer Science (FOCS)},
  pages={754--765},
  year={2022},
  organization={IEEE},
  publisher={IEEE},
  address={Denver, CO, USA},
}

@article{rank-eedi22,
  title={{An Improved/Optimized Practical Non-Blocking PageRank Algorithm for Massive Graphs}},
  author={Eedi, H. and Karra, S. and Peri, S. and Ranabothu, N. and Utkoor, R.},
  journal={International Journal of Parallel Programming},
  volume={50},
  number={3-4},
  year={2022},
  pages={381--404},
  publisher={Springer},
}

@inproceedings{graph-dhulipala20,
  title={Parallel batch-dynamic graphs: Algorithms and lower bounds},
  author={Dhulipala, Laxman and Durfee, David and Kulkarni, Janardhan and Peng, Richard and Sawlani, Saurabh and Sun, Xiaorui},
  booktitle={Proceedings of the Fourteenth Annual ACM-SIAM Symposium on Discrete Algorithms},
  pages={1300--1319},
  year={2020},
  organization={SIAM}
}

@article{staudt2016networkit,
  title={NetworKit: A tool suite for large-scale complex network analysis},
  author={Staudt, C.L. and Sazonovs, A. and Meyerhenke, H.},
  journal={Network Science},
  volume={4},
  number={4},
  pages={508--530},
  year={2016},
  publisher={Cambridge University Press}
}

@article{csardi2006igraph,
  title={The igraph software package for complex network research},
  author={Csardi, G. and Nepusz, T. and others},
  journal={InterJournal, complex systems},
  volume={1695},
  number={5},
  pages={1--9},
  year={2006}
}

@article{leskovec2016snap,
  title={Snap: A general-purpose network analysis and graph-mining library},
  author={Leskovec, Jure and Sosi{\v{c}}, Rok},
  journal={ACM Transactions on Intelligent Systems and Technology (TIST)},
  volume={8},
  number={1},
  pages={1--20},
  year={2016},
  publisher={ACM New York, NY, USA}
}

@phdthesis{parjanya2022fppr,
  title={FPPR: Fast Pessimistic (dynamic) PageRank to Update PageRank in Evolving Directed Graphs on Network Changes},
  author={Parjanya, Pashikanti Rohith},
  year={2022},
  school={Indian Institute of Technology Jodhpur}
}

@inproceedings{gupta2013wtf,
  title={Wtf: The who to follow service at twitter},
  author={Gupta, Pankaj and Goel, Ashish and Lin, Jimmy and Sharma, Aneesh and Wang, Dong and Zadeh, Reza},
  booktitle={Proceedings of the 22nd international conference on World Wide Web},
  pages={505--514},
  year={2013}
}

@article{rank-dubey16,
  title={{Improved Parallel PageRank algorithm for Spam filtering}},
  author={Dubey, H. and Khare, N. and Kuttan, K.K.A. and Bhatia, S.},
  journal={Indian Journal of Science and Technology},
  volume={9},
  number={38},
  year={2016},
  month={Oct},
}

@article{rank-plimpton11,
  title={MapReduce in MPI for large-scale graph algorithms},
  author={Plimpton, S.J. and Devine, K.D.},
  journal={Parallel Computing},
  volume={37},
  number={9},
  pages={610--632},
  year={2011},
  publisher={Elsevier},
}

@article{rank-langville06,
  title={A reordering for the PageRank problem},
  author={Langville, A.N. and Meyer, C.D.},
  journal={SIAM SISC},
  volume={27},
  number={6},
  pages={2112--2120},
  year={2006},
  publisher={SIAM},
}

@article{rank-dubey22,
  title={Fast parallel computation of PageRank scores with improved convergence time},
  author={Dubey, H. and Khare, N.},
  journal={IJDMMM},
  volume={14},
  number={1},
  pages={63--88},
  year={2022},
  publisher={Inderscience Publishers (IEL)},
}

@misc{nvgraph,
  url={https://docs.nvidia.com/cuda/archive/10.1/pdf/nvGRAPH_Library.pdf},
  title={{nvGRAPH Library User's Guide}},
  author={{NVIDIA Corporation}},
  year={2019},
  month={Aug},
}

@inproceedings{rank-andersen07,
  title={Local partitioning for directed graphs using pagerank},
  author={Andersen, R. and Chung, F. and Lang, K.},
  booktitle={in Proc. WAW},
  pages={166--178},
  year={2007},
}

@article{bahmani2010fast,
  title={Fast incremental and personalized pagerank},
  author={Bahmani, Bahman and Chowdhury, Abdur and Goel, Ashish},
  journal={arXiv preprint arXiv:1006.2880},
  year={2010}
}

@inproceedings{kim2015incremental,
  title={Incremental iteration method for fast pagerank computation},
  author={Kim, Kyung Soo and Choi, Yong Suk},
  booktitle={Proceedings of the 9th International Conference on Ubiquitous Information Management and Communication},
  pages={1--5},
  year={2015}
}

@inproceedings{rozenshtein2016temporal,
  title={Temporal pagerank},
  author={Rozenshtein, Polina and Gionis, Aristides},
  booktitle={Machine Learning and Knowledge Discovery in Databases: European Conference, ECML PKDD 2016, Riva del Garda, Italy, September 19-23, 2016, Proceedings, Part II 16},
  pages={674--689},
  year={2016},
  organization={Springer}
}

@article{gleich2014dynamical,
  title={A dynamical system for pagerank with time-dependent teleportation},
  author={Gleich, David F and Rossi, Ryan A},
  journal={Internet Mathematics},
  volume={10},
  number={1-2},
  pages={188--217},
  year={2014},
  publisher={Taylor \& Francis}
}

@inproceedings{zhan2019fast,
  title={Fast incremental pagerank on dynamic networks},
  author={Zhan, Zexing and Hu, Ruimin and Gao, Xiyue and Huai, Nian},
  booktitle={International Conference on Web Engineering},
  pages={154--168},
  year={2019},
  organization={Springer}
}

@inproceedings{bahmani2012pagerank,
  title={Pagerank on an evolving graph},
  author={Bahmani, Bahman and Kumar, Ravi and Mahdian, Mohammad and Upfal, Eli},
  booktitle={Proceedings of the 18th ACM SIGKDD international conference on Knowledge discovery and data mining},
  pages={24--32},
  year={2012}
}

@inproceedings{ohsaka2015efficient,
  title={Efficient pagerank tracking in evolving networks},
  author={Ohsaka, Naoto and Maehara, Takanori and Kawarabayashi, Ken-ichi},
  booktitle={Proceedings of the 21th ACM SIGKDD international conference on knowledge discovery and data mining},
  pages={875--884},
  year={2015}
}

@article{srinivasan2021adaptive,
  title={Adaptive Implementation to Update Page Rank on Dynamic Networks},
  author={Srinivasan, Sriram},
  year={2021}
}

@article{sawilla2006abstracting,
  title={Abstracting PageRank to dynamic asset valuation},
  author={Sawilla, Reginald},
  journal={DRDC Ottawa TM},
  volume={243},
  year={2006}
}

@inproceedings{chen2004local,
  title={Local methods for estimating pagerank values},
  author={Chen, Yen-Yu and Gan, Qingqing and Suel, Torsten},
  booktitle={Proceedings of the thirteenth ACM international conference on Information and knowledge management},
  pages={381--389},
  year={2004}
}

@inproceedings{ghosh2011time,
  title={Time-aware ranking in dynamic citation networks},
  author={Ghosh, Rumi and Kuo, Tsung-Ting and Hsu, Chun-Nan and Lin, Shou-De and Lerman, Kristina},
  booktitle={2011 ieee 11th international conference on data mining workshops},
  pages={373--380},
  year={2011},
  organization={IEEE}
}

@article{gong2013pagerank,
  title={Pagerank tracker: From ranking to tracking},
  author={Gong, Chen and Fu, Keren and Loza, Artur and Wu, Qiang and Liu, Jia and Yang, Jie},
  journal={IEEE Transactions on Cybernetics},
  volume={44},
  number={6},
  pages={882--893},
  year={2013},
  publisher={IEEE}
}

@inproceedings{engstrom2015componentwise,
  title={A componentwise pagerank algorithm},
  author={Engstr{\"o}m, Christopher and Silvestrov, Sergei},
  booktitle={16th Applied Stochastic Models and Data Analysis International Conference (ASMDA2015) with Demographics 2015 Workshop},
  volume={30},
  pages={185--198},
  year={2015}
}

@inproceedings{desikan2006divide,
  title={Divide and conquer approach for efficient pagerank computation},
  author={Desikan, Prasanna Kumar and Pathak, Nishith and Srivastava, Jaideep and Kumar, Vipin},
  booktitle={Proceedings of the 6th international conference on Web engineering},
  pages={233--240},
  year={2006}
}

@inproceedings{haolin2023pagerank,
  title={PageRank Algorithm Based on Dynamic Damping Factor},
  author={HaoLin, Zheng and Jin, Hu and WeiKai, Li},
  booktitle={2023 International Conference on Cyber-Physical Social Intelligence (ICCSI)},
  pages={381--386},
  year={2023},
  organization={IEEE}
}

@inproceedings{sallinen2023real,
  title={Real-Time PageRank on Dynamic Graphs},
  author={Sallinen, Scott and Luo, Juntong and Ripeanu, Matei},
  booktitle={Proceedings of the 32nd International Symposium on High-Performance Parallel and Distributed Computing},
  pages={239--251},
  year={2023}
}

@inproceedings{chandramouli2021efficient,
  title={Efficient Parallel Algorithms for Computing Percolation Centrality},
  author={Chandramouli, Athreya and Jana, Sayantan and Kothapalli, Kishore},
  booktitle={2021 IEEE 28th International Conference on High Performance Computing, Data, and Analytics (HiPC)},
  pages={111--120},
  year={2021},
  organization={IEEE}
}

@inproceedings{sahu2022dynamic,
  title={Dynamic Batch Parallel Algorithms for Updating PageRank},
  author={Sahu, Subhajit and Kothapalli, Kishore and Banerjee, Dip Sankar},
  booktitle={2022 IEEE International Parallel and Distributed Processing Symposium Workshops (IPDPSW)},
  pages={1129--1138},
  year={2022},
  organization={IEEE}
}

@article{rank-pashikanti22,
  title={FPPR: fast pessimistic (dynamic) PageRank to update PageRank in evolving directed graphs on network changes},
  author={Pashikanti, R.P. and Kundu, S.},
  journal={SNAM},
  volume={12},
  number={1},
  pages={141},
  year={2022},
  publisher={Springer}
}

@inproceedings{rank-zhang17,
  title={Efficient incremental pagerank of evolving graphs on GPU},
  author={Zhang, T.},
  booktitle={IEEE ICCSEC},
  pages={1232--1236},
  year={2017},
}

@inproceedings{rank-bahmani12,
  title={Pagerank on an evolving graph},
  author={Bahmani, Bahman and Kumar, Ravi and Mahdian, Mohammad and Upfal, Eli},
  booktitle={Proceedings of the 18th ACM SIGKDD international conference on Knowledge discovery and data mining},
  pages={24--32},
  year={2012}
}

@inproceedings{rank-berberich07,
  title={Comparing apples and oranges: normalized pagerank for evolving graphs},
  author={Berberich, Klaus and Bedathur, Srikanta and Weikum, Gerhard and Vazirgiannis, Michalis},
  booktitle={Proceedings of the 16th international conference on world wide web},
  pages={1145--1146},
  year={2007}
}

@inproceedings{graph-dhulipala19,
  title={Low-latency graph streaming using compressed purely-functional trees},
  author={Dhulipala, L. and Blelloch, G.E. and Shun, J.},
  booktitle={ACM SIGPLAN PLDI},
  pages={918--934},
  year={2019},
}

@article{kolda2009generalized,
  title={Generalized badrank with graduated trust},
  author={Kolda, Tamara G and Procopio, Michael J},
  journal={Sandia National Laboratories, California},
  year={2009}
}

@article{sobek2002pr0,
  title={PR0—Google’s PageRank 0 penalty},
  author={Sobek, Markus},
  journal={URL http://pr. efactory. de/e-pr0. shtml},
  year={2002}
}

@article{kamvar2003exploiting,
  title={Exploiting the block structure of the web for computing pagerank},
  author={Kamvar, Sepandar D and Haveliwala, Taher H and Manning, Christopher and Golub, Gene H},
  year={2003},
  publisher={Technical report, Stanford University}
}

@inproceedings{de2010robust,
  title={Robust and efficient page rank for word sense disambiguation},
  author={De Cao, Diego and Basili, Roberto and Luciani, Matteo and Mesiano, Francesco and Rossi, Riccardo},
  booktitle={Proceedings of TextGraphs-5-2010 Workshop on Graph-based Methods for Natural Language Processing},
  pages={24--32},
  year={2010}
}

@article{duque2015co,
  title={CO-graph: A new graph-based technique for cross-lingual word sense disambiguation},
  author={Duque, Andres and Araujo, Lourdes and Martinez-Romo, Juan},
  journal={Natural Language Engineering},
  volume={21},
  number={5},
  pages={743--772},
  year={2015},
  publisher={Cambridge University Press}
}

@article{agirre2010graph,
  title={Graph-based word sense disambiguation of biomedical documents},
  author={Agirre, Eneko and Soroa, Aitor and Stevenson, Mark},
  journal={Bioinformatics},
  volume={26},
  number={22},
  pages={2889--2896},
  year={2010},
  publisher={Oxford University Press}
}

@article{chepelianskii2010towards,
  title={Towards physical laws for software architecture},
  author={Chepelianskii, Alexei D},
  journal={arXiv preprint arXiv:1003.5455},
  year={2010}
}

@article{zuo2012network,
  title={Network centrality in the human functional connectome},
  author={Zuo, Xi-Nian and Ehmke, Ross and Mennes, Maarten and Imperati, Davide and Castellanos, F Xavier and Sporns, Olaf and Milham, Michael P},
  journal={Cerebral cortex},
  volume={22},
  number={8},
  pages={1862--1875},
  year={2012},
  publisher={Oxford University Press}
}

@article{banky2013equal,
  title={Equal opportunity for low-degree network nodes: a PageRank-based method for protein target identification in metabolic graphs},
  author={B{\'a}nky, D{\'a}niel and Iv{\'a}n, G{\'a}bor and Grolmusz, Vince},
  journal={PLoS One},
  volume={8},
  number={1},
  pages={e54204},
  year={2013},
  publisher={Public Library of Science San Francisco, USA}
}

@article{allesina2009googling,
  title={Googling food webs: can an eigenvector measure species' importance for coextinctions?},
  author={Allesina, Stefano and Pascual, Mercedes},
  journal={PLoS computational biology},
  volume={5},
  number={9},
  pages={e1000494},
  year={2009},
  publisher={Public Library of Science San Francisco, USA}
}

@inproceedings{zhang2018analysis,
  title={Analysis of China's Urban Network Structure from the Perspective of “Streaming”},
  author={Zhang, Qiqi and Yuan, Tao},
  booktitle={2018 26th International Conference on Geoinformatics},
  pages={1--7},
  year={2018},
  organization={IEEE}
}

@article{sahu2024incrementally,
  title={An Incrementally Expanding Approach for Updating PageRank on Dynamic Graphs},
  author={Sahu, Subhajit},
  journal={arXiv preprint arXiv:2401.03256},
  year={2024}
}

@inproceedings{verstraaten2015quantifying,
  title={Quantifying the performance impact of graph structure on neighbour iteration strategies for pagerank},
  author={Verstraaten, Merijn and Varbanescu, Ana Lucia and de Laat, Cees},
  booktitle={Euro-Par 2015: Parallel Processing Workshops: Euro-Par 2015 International Workshops, Vienna, Austria, August 24-25, 2015, Revised Selected Papers 21},
  pages={528--540},
  year={2015},
  organization={Springer}
}

@mastersthesis{usta2020accelerating,
  title={Accelerating Pagerank With a Heterogeneous two Phase CPU-FPGA Algorithm},
  author={Usta, Furkan},
  year={2020},
  school={Bilkent Universitesi (Turkey)}
}

@article{grossman2018making,
  title={Making pull-based graph processing performant},
  author={Grossman, Samuel and Litz, Heiner and Kozyrakis, Christos},
  journal={ACM SIGPLAN Notices},
  volume={53},
  number={1},
  pages={246--260},
  year={2018},
  publisher={ACM New York, NY, USA}
}

@article{grossman2019new,
  title={A new frontier for pull-based graph processing},
  author={Grossman, Samuel and Kozyrakis, Christos},
  journal={arXiv preprint arXiv:1903.07754},
  year={2019}
}

@inproceedings{besta2017push,
  title={To push or to pull: On reducing communication and synchronization in graph computations},
  author={Besta, Maciej and Podstawski, Micha{\l} and Groner, Linus and Solomonik, Edgar and Hoefler, Torsten},
  booktitle={Proceedings of the 26th International Symposium on High-Performance Parallel and Distributed Computing},
  pages={93--104},
  year={2017}
}

@inproceedings{buono2016optimizing,
  title={Optimizing sparse matrix-vector multiplication for large-scale data analytics},
  author={Buono, Daniele and Petrini, Fabrizio and Checconi, Fabio and Liu, Xing and Que, Xinyu and Long, Chris and Tuan, Tai-Ching},
  booktitle={Proceedings of the 2016 International Conference on Supercomputing},
  pages={1--12},
  year={2016}
}

@inproceedings{sadi2018pagerank,
  title={Pagerank acceleration for large graphs with scalable hardware and two-step spmv},
  author={Sadi, Fazle and Sweeney, Joe and McMillan, Scott and Low, Tze Meng and Hoe, James C and Pileggi, Larry and Franchetti, Franz},
  booktitle={2018 IEEE High Performance extreme Computing Conference (HPEC)},
  pages={1--7},
  year={2018},
  organization={IEEE}
}

@inproceedings{beamer2017reducing,
  title={Reducing pagerank communication via propagation blocking},
  author={Beamer, Scott and Asanovi{\'c}, Krste and Patterson, David},
  booktitle={2017 IEEE International Parallel and Distributed Processing Symposium (IPDPS)},
  pages={820--831},
  year={2017},
  organization={IEEE}
}

@article{sahu2024df,
  title={DF* PageRank: Improved Incrementally Expanding Approaches for Updating PageRank on Dynamic Graphs},
  author={Sahu, Subhajit},
  journal={arXiv preprint arXiv:2401.15870},
  year={2024}
}

@incollection{fender2022rapids,
  title={Rapids cugraph},
  author={Fender, Alex and Rees, Brad and Eaton, Joe},
  booktitle={Massive Graph Analytics},
  pages={483--493},
  year={2022},
  publisher={Chapman and Hall/CRC}
}

@article{grutzmacher2020acceleration,
  title={Acceleration of PageRank with customized precision based on mantissa segmentation},
  author={Gr{\"u}tzmacher, Thomas and Cojean, Terry and Flegar, Goran and Anzt, Hartwig and Quintana-Ort{\'\i}, Enrique S},
  journal={ACM Transactions on Parallel Computing (TOPC)},
  volume={7},
  number={1},
  pages={1--19},
  year={2020},
  publisher={ACM New York, NY, USA}
}

@inproceedings{grutzmacher2018high,
  title={High-performance GPU implementation of PageRank with reduced precision based on mantissa segmentation},
  author={Gr{\"u}tzmacher, Thomas and Anzt, Hartwig and Scheidegger, Florian and Quintana-Orti, Enrique S},
  booktitle={2018 IEEE/ACM 8th Workshop on Irregular Applications: Architectures and Algorithms (IA3)},
  pages={61--68},
  year={2018},
  organization={IEEE}
}

@inproceedings{duong2012parallel,
  title={Parallel pagerank computation using gpus},
  author={Duong, Nhat Tan and Nguyen, Quang Anh Pham and Nguyen, Anh Tu and Nguyen, Huu-Duc},
  booktitle={Proceedings of the 3rd Symposium on Information and Communication Technology},
  pages={223--230},
  year={2012}
}

@inproceedings{piccinotti2019solving,
  title={Solving write conflicts in GPU-accelerated graph computation: A PageRank case-study},
  author={Piccinotti, Diego and Ramalli, Edoardo and Parravicini, Alberto and Brondolin, Rolando and Santambrogio, Marco},
  booktitle={2019 IEEE 5th International forum on Research and Technology for Society and Industry (RTSI)},
  pages={144--148},
  year={2019},
  organization={IEEE}
}

@article{concessao2023meerkat,
  title={Meerkat: A framework for Dynamic Graph Algorithms on GPUs},
  author={Concessao, Kevin Jude and Cheramangalath, Unnikrishnan and Dev, MJ and Nasre, Rupesh},
  journal={arXiv preprint arXiv:2305.17813},
  year={2023}
}

@inproceedings{chen2021hipa,
  title={HiPa: Hierarchical partitioning for fast PageRank on NUMA multicore systems},
  author={Chen, YuAng and Chung, Yeh-ching},
  booktitle={Proceedings of the 50th International Conference on Parallel Processing},
  pages={1--10},
  year={2021}
}

@inproceedings{vandromme2022scaling,
  title={Scaling the pagerank algorithm for very large graphs on the fugaku supercomputer},
  author={Vandromme, Maxence and Gurhem, J{\'e}r{\^o}me and Tsuji, Miwako and Petiton, Serge and Sato, Mitsuhisa},
  booktitle={International Conference on Computational Science},
  pages={389--402},
  year={2022},
  organization={Springer}
}

@inproceedings{kang2020computing,
  title={Computing pagerank scores of web crawl data using dgx a100 clusters},
  author={Kang, Seunghwa and Fender, Alex and Eaton, Joe and Rees, Brad},
  booktitle={2020 IEEE High Performance Extreme Computing Conference (HPEC)},
  pages={1--4},
  year={2020},
  organization={IEEE}
}

@inproceedings{kang2022analyzing,
  title={Analyzing multi-trillion edge graphs on large gpu clusters: A case study with pagerank},
  author={Kang, Seunghwa and Nke, Joseph and Rees, Brad},
  booktitle={2022 IEEE High Performance Extreme Computing Conference (HPEC)},
  pages={1--7},
  year={2022},
  organization={IEEE}
}

@inproceedings{huang2020accelerating,
  title={Accelerating PageRank in shared-memory for efficient social network graph analytics},
  author={Huang, Baofu and Liu, Zhidan and Wu, Kaishun},
  booktitle={2020 IEEE 26th International Conference on Parallel and Distributed Systems (ICPADS)},
  pages={238--247},
  year={2020},
  organization={IEEE}
}

@article{kim2023multi,
  title={Multi-mode SpMV accelerator for transprecision PageRank with real-world graphs},
  author={Kim, Whijin and Kim, Hana and Lee, Jihye and Kim, Hyunji and Kim, Ji-Hoon},
  journal={IEEE Access},
  volume={11},
  pages={6261--6272},
  year={2023},
  publisher={IEEE}
}

@inproceedings{busato2018hornet,
  title={Hornet: An efficient data structure for dynamic sparse graphs and matrices on gpus},
  author={Busato, Federico and Green, Oded and Bombieri, Nicola and Bader, David A},
  booktitle={2018 IEEE High Performance extreme Computing Conference (HPEC)},
  pages={1--7},
  year={2018},
  organization={IEEE}
}

@inproceedings{wang2016gunrock,
  title={Gunrock: A high-performance graph processing library on the GPU},
  author={Wang, Yangzihao and Davidson, Andrew and Pan, Yuechao and Wu, Yuduo and Riffel, Andy and Owens, John D},
  booktitle={Proceedings of the 21st ACM SIGPLAN symposium on principles and practice of parallel programming},
  pages={1--12},
  year={2016}
}

@article{barros2021survey,
  title={A survey on embedding dynamic graphs},
  author={Barros, Claudio DT and Mendon{\c{c}}a, Matheus RF and Vieira, Alex B and Ziviani, Artur},
  journal={ACM Computing Surveys (CSUR)},
  volume={55},
  number={1},
  pages={1--37},
  year={2021},
  publisher={ACM New York, NY}
}

@article{agarwal2012real,
  title={Real time discovery of dense clusters in highly dynamic graphs: identifying real world events in highly dynamic environments},
  author={Agarwal, Manoj K and Ramamritham, Krithi and Bhide, Manish},
  journal={arXiv preprint arXiv:1207.0138},
  year={2012}
}
